%YAML 1.1
%TAG !u! tag:unity3d.com,2011:
--- !u!29 &1
SceneSettings:
  m_ObjectHideFlags: 0
  m_PVSData: 
  m_PVSObjectsArray: []
  m_PVSPortalsArray: []
  m_OcclusionBakeSettings:
    smallestOccluder: 5
    smallestHole: 0.25
    backfaceThreshold: 100
--- !u!104 &2
RenderSettings:
  m_ObjectHideFlags: 0
  serializedVersion: 7
  m_Fog: 0
  m_FogColor: {r: 0.5, g: 0.5, b: 0.5, a: 1}
  m_FogMode: 3
  m_FogDensity: 0.01
  m_LinearFogStart: 0
  m_LinearFogEnd: 300
  m_AmbientSkyColor: {r: 0.212, g: 0.227, b: 0.259, a: 1}
  m_AmbientEquatorColor: {r: 0.114, g: 0.125, b: 0.133, a: 1}
  m_AmbientGroundColor: {r: 0.047, g: 0.043, b: 0.035, a: 1}
  m_AmbientIntensity: 1
  m_AmbientMode: 0
  m_SkyboxMaterial: {fileID: 10304, guid: 0000000000000000f000000000000000, type: 0}
  m_HaloStrength: 0.5
  m_FlareStrength: 1
  m_FlareFadeSpeed: 3
  m_HaloTexture: {fileID: 0}
  m_SpotCookie: {fileID: 10001, guid: 0000000000000000e000000000000000, type: 0}
  m_DefaultReflectionMode: 0
  m_DefaultReflectionResolution: 128
  m_ReflectionBounces: 1
  m_ReflectionIntensity: 1
  m_CustomReflection: {fileID: 0}
  m_Sun: {fileID: 0}
  m_IndirectSpecularColor: {r: 0.12758516, g: 0.13438119, b: 0.12116994, a: 1}
--- !u!157 &3
LightmapSettings:
  m_ObjectHideFlags: 0
  serializedVersion: 7
  m_GIWorkflowMode: 0
  m_GISettings:
    serializedVersion: 2
    m_BounceScale: 1
    m_IndirectOutputScale: 1
    m_AlbedoBoost: 1
    m_TemporalCoherenceThreshold: 1
    m_EnvironmentLightingMode: 0
    m_EnableBakedLightmaps: 1
    m_EnableRealtimeLightmaps: 1
  m_LightmapEditorSettings:
    serializedVersion: 4
    m_Resolution: 2
    m_BakeResolution: 40
    m_TextureWidth: 1024
    m_TextureHeight: 1024
    m_AO: 0
    m_AOMaxDistance: 1
    m_CompAOExponent: 0
    m_CompAOExponentDirect: 0
    m_Padding: 2
    m_LightmapParameters: {fileID: 0}
    m_LightmapsBakeMode: 1
    m_TextureCompression: 1
    m_DirectLightInLightProbes: 1
    m_FinalGather: 0
    m_FinalGatherFiltering: 1
    m_FinalGatherRayCount: 1024
    m_ReflectionCompression: 2
  m_LightingDataAsset: {fileID: 0}
  m_RuntimeCPUUsage: 25
--- !u!196 &4
NavMeshSettings:
  serializedVersion: 2
  m_ObjectHideFlags: 0
  m_BuildSettings:
    serializedVersion: 2
    agentRadius: 0.5
    agentHeight: 2
    agentSlope: 45
    agentClimb: 0.4
    ledgeDropHeight: 0
    maxJumpAcrossDistance: 0
    accuratePlacement: 0
    minRegionArea: 2
    cellSize: 0.16666667
    manualCellSize: 0
  m_NavMeshData: {fileID: 0}
--- !u!1001 &250294117
Prefab:
  m_ObjectHideFlags: 0
  serializedVersion: 2
  m_Modification:
    m_TransformParent: {fileID: 0}
    m_Modifications:
    - target: {fileID: 4000010360160662, guid: e6997da0002af453788460f192e8da73, type: 2}
      propertyPath: m_LocalPosition.x
      value: 292.4049
      objectReference: {fileID: 0}
    - target: {fileID: 4000010360160662, guid: e6997da0002af453788460f192e8da73, type: 2}
      propertyPath: m_LocalPosition.y
      value: 260.97687
      objectReference: {fileID: 0}
    - target: {fileID: 4000010360160662, guid: e6997da0002af453788460f192e8da73, type: 2}
      propertyPath: m_LocalPosition.z
      value: 0
      objectReference: {fileID: 0}
    - target: {fileID: 4000010360160662, guid: e6997da0002af453788460f192e8da73, type: 2}
      propertyPath: m_LocalRotation.x
      value: 0
      objectReference: {fileID: 0}
    - target: {fileID: 4000010360160662, guid: e6997da0002af453788460f192e8da73, type: 2}
      propertyPath: m_LocalRotation.y
      value: 0
      objectReference: {fileID: 0}
    - target: {fileID: 4000010360160662, guid: e6997da0002af453788460f192e8da73, type: 2}
      propertyPath: m_LocalRotation.z
      value: 0
      objectReference: {fileID: 0}
    - target: {fileID: 4000010360160662, guid: e6997da0002af453788460f192e8da73, type: 2}
      propertyPath: m_LocalRotation.w
      value: 1
      objectReference: {fileID: 0}
    - target: {fileID: 4000010360160662, guid: e6997da0002af453788460f192e8da73, type: 2}
      propertyPath: m_RootOrder
      value: 4
      objectReference: {fileID: 0}
    - target: {fileID: 114000010807426318, guid: e6997da0002af453788460f192e8da73,
        type: 2}
      propertyPath: sceneOverride
      value: 0
      objectReference: {fileID: 0}
    m_RemovedComponents: []
  m_ParentPrefab: {fileID: 100100000, guid: e6997da0002af453788460f192e8da73, type: 2}
  m_IsPrefabParent: 0
--- !u!1 &385129355
GameObject:
  m_ObjectHideFlags: 0
  m_PrefabParentObject: {fileID: 1000011527398412, guid: 308e506b9b5d84399b21582ddf39f8eb,
    type: 2}
  m_PrefabInternal: {fileID: 0}
  serializedVersion: 4
  m_Component:
  - 224: {fileID: 664469242}
  - 222: {fileID: 385129358}
  - 114: {fileID: 385129357}
  - 114: {fileID: 385129356}
  m_Layer: 5
  m_Name: PanelMask
  m_TagString: Untagged
  m_Icon: {fileID: 0}
  m_NavMeshLayer: 0
  m_StaticEditorFlags: 0
  m_IsActive: 1
--- !u!114 &385129356
MonoBehaviour:
  m_ObjectHideFlags: 0
  m_PrefabParentObject: {fileID: 114000013114853964, guid: 308e506b9b5d84399b21582ddf39f8eb,
    type: 2}
  m_PrefabInternal: {fileID: 0}
  m_GameObject: {fileID: 385129355}
  m_Enabled: 1
  m_EditorHideFlags: 0
  m_Script: {fileID: -1200242548, guid: f5f67c52d1564df4a8936ccd202a3bd8, type: 3}
  m_Name: 
  m_EditorClassIdentifier: 
  m_ShowMaskGraphic: 1
--- !u!114 &385129357
MonoBehaviour:
  m_ObjectHideFlags: 0
  m_PrefabParentObject: {fileID: 114000013812604000, guid: 308e506b9b5d84399b21582ddf39f8eb,
    type: 2}
  m_PrefabInternal: {fileID: 0}
  m_GameObject: {fileID: 385129355}
  m_Enabled: 1
  m_EditorHideFlags: 0
  m_Script: {fileID: -765806418, guid: f5f67c52d1564df4a8936ccd202a3bd8, type: 3}
  m_Name: 
  m_EditorClassIdentifier: 
  m_Material: {fileID: 0}
  m_Color: {r: 1, g: 0.9788821, b: 0.98877645, a: 1}
  m_RaycastTarget: 1
  m_OnCullStateChanged:
    m_PersistentCalls:
      m_Calls: []
    m_TypeName: UnityEngine.UI.MaskableGraphic+CullStateChangedEvent, UnityEngine.UI,
      Version=1.0.0.0, Culture=neutral, PublicKeyToken=null
  m_Sprite: {fileID: 21300000, guid: 935962ddb1e44499dad00e5ca6b38823, type: 3}
  m_Type: 1
  m_PreserveAspect: 1
  m_FillCenter: 1
  m_FillMethod: 4
  m_FillAmount: 1
  m_FillClockwise: 1
  m_FillOrigin: 0
--- !u!222 &385129358
CanvasRenderer:
  m_ObjectHideFlags: 0
  m_PrefabParentObject: {fileID: 222000010805059648, guid: 308e506b9b5d84399b21582ddf39f8eb,
    type: 2}
  m_PrefabInternal: {fileID: 0}
  m_GameObject: {fileID: 385129355}
--- !u!1 &437171614
GameObject:
  m_ObjectHideFlags: 0
  m_PrefabParentObject: {fileID: 1000014117180302, guid: 308e506b9b5d84399b21582ddf39f8eb,
    type: 2}
  m_PrefabInternal: {fileID: 0}
  serializedVersion: 4
  m_Component:
  - 224: {fileID: 437171615}
  - 222: {fileID: 437171617}
  - 114: {fileID: 437171616}
  m_Layer: 5
  m_Name: Main Title
  m_TagString: Untagged
  m_Icon: {fileID: 0}
  m_NavMeshLayer: 0
  m_StaticEditorFlags: 0
  m_IsActive: 1
--- !u!224 &437171615
RectTransform:
  m_ObjectHideFlags: 0
  m_PrefabParentObject: {fileID: 224000012551218302, guid: 308e506b9b5d84399b21582ddf39f8eb,
    type: 2}
  m_PrefabInternal: {fileID: 0}
  m_GameObject: {fileID: 437171614}
  m_LocalRotation: {x: -0, y: -0, z: -0, w: 1}
  m_LocalPosition: {x: 0, y: 0, z: 0}
  m_LocalScale: {x: 0.4192605, y: 0.4192605, z: 0.4192605}
  m_LocalEulerAnglesHint: {x: 0, y: 0, z: 0}
  m_Children:
  - {fileID: 682035605}
  - {fileID: 1150527019}
  m_Father: {fileID: 1308689275}
  m_RootOrder: 1
  m_AnchorMin: {x: 0.5, y: 1}
  m_AnchorMax: {x: 0.5, y: 1}
  m_AnchoredPosition: {x: 62, y: -23}
  m_SizeDelta: {x: 3608, y: 143}
  m_Pivot: {x: 0.5, y: 0.5}
--- !u!114 &437171616
MonoBehaviour:
  m_ObjectHideFlags: 0
  m_PrefabParentObject: {fileID: 114000013204606450, guid: 308e506b9b5d84399b21582ddf39f8eb,
    type: 2}
  m_PrefabInternal: {fileID: 0}
  m_GameObject: {fileID: 437171614}
  m_Enabled: 1
  m_EditorHideFlags: 0
  m_Script: {fileID: -765806418, guid: f5f67c52d1564df4a8936ccd202a3bd8, type: 3}
  m_Name: 
  m_EditorClassIdentifier: 
  m_Material: {fileID: 0}
  m_Color: {r: 0, g: 0, b: 0, a: 1}
  m_RaycastTarget: 1
  m_OnCullStateChanged:
    m_PersistentCalls:
      m_Calls: []
    m_TypeName: UnityEngine.UI.MaskableGraphic+CullStateChangedEvent, UnityEngine.UI,
      Version=1.0.0.0, Culture=neutral, PublicKeyToken=null
  m_Sprite: {fileID: 10905, guid: 0000000000000000f000000000000000, type: 0}
  m_Type: 1
  m_PreserveAspect: 0
  m_FillCenter: 1
  m_FillMethod: 4
  m_FillAmount: 1
  m_FillClockwise: 1
  m_FillOrigin: 0
--- !u!222 &437171617
CanvasRenderer:
  m_ObjectHideFlags: 0
  m_PrefabParentObject: {fileID: 222000010414985324, guid: 308e506b9b5d84399b21582ddf39f8eb,
    type: 2}
  m_PrefabInternal: {fileID: 0}
  m_GameObject: {fileID: 437171614}
--- !u!1001 &479583738
Prefab:
  m_ObjectHideFlags: 0
  serializedVersion: 2
  m_Modification:
    m_TransformParent: {fileID: 437171615}
    m_Modifications:
    - target: {fileID: 224000011943219176, guid: dda5808c7ae1448818c5c78b02e58db5,
        type: 2}
      propertyPath: m_LocalPosition.x
      value: 0
      objectReference: {fileID: 0}
    - target: {fileID: 224000011943219176, guid: dda5808c7ae1448818c5c78b02e58db5,
        type: 2}
      propertyPath: m_LocalPosition.y
      value: 0
      objectReference: {fileID: 0}
    - target: {fileID: 224000011943219176, guid: dda5808c7ae1448818c5c78b02e58db5,
        type: 2}
      propertyPath: m_LocalPosition.z
      value: -35
      objectReference: {fileID: 0}
    - target: {fileID: 224000011943219176, guid: dda5808c7ae1448818c5c78b02e58db5,
        type: 2}
      propertyPath: m_LocalRotation.x
      value: -0
      objectReference: {fileID: 0}
    - target: {fileID: 224000011943219176, guid: dda5808c7ae1448818c5c78b02e58db5,
        type: 2}
      propertyPath: m_LocalRotation.y
      value: -0
      objectReference: {fileID: 0}
    - target: {fileID: 224000011943219176, guid: dda5808c7ae1448818c5c78b02e58db5,
        type: 2}
      propertyPath: m_LocalRotation.z
      value: -0
      objectReference: {fileID: 0}
    - target: {fileID: 224000011943219176, guid: dda5808c7ae1448818c5c78b02e58db5,
        type: 2}
      propertyPath: m_LocalRotation.w
      value: 1
      objectReference: {fileID: 0}
    - target: {fileID: 224000011943219176, guid: dda5808c7ae1448818c5c78b02e58db5,
        type: 2}
      propertyPath: m_RootOrder
      value: 0
      objectReference: {fileID: 0}
    - target: {fileID: 224000011943219176, guid: dda5808c7ae1448818c5c78b02e58db5,
        type: 2}
      propertyPath: m_AnchoredPosition.x
      value: 10
      objectReference: {fileID: 0}
    - target: {fileID: 224000011943219176, guid: dda5808c7ae1448818c5c78b02e58db5,
        type: 2}
      propertyPath: m_AnchoredPosition.y
      value: -4
      objectReference: {fileID: 0}
    - target: {fileID: 224000011943219176, guid: dda5808c7ae1448818c5c78b02e58db5,
        type: 2}
      propertyPath: m_SizeDelta.x
      value: -20
      objectReference: {fileID: 0}
    - target: {fileID: 224000011943219176, guid: dda5808c7ae1448818c5c78b02e58db5,
        type: 2}
      propertyPath: m_SizeDelta.y
      value: 0
      objectReference: {fileID: 0}
    - target: {fileID: 224000011943219176, guid: dda5808c7ae1448818c5c78b02e58db5,
        type: 2}
      propertyPath: m_AnchorMin.x
      value: 0
      objectReference: {fileID: 0}
    - target: {fileID: 224000011943219176, guid: dda5808c7ae1448818c5c78b02e58db5,
        type: 2}
      propertyPath: m_AnchorMin.y
      value: 0
      objectReference: {fileID: 0}
    - target: {fileID: 224000011943219176, guid: dda5808c7ae1448818c5c78b02e58db5,
        type: 2}
      propertyPath: m_AnchorMax.x
      value: 1
      objectReference: {fileID: 0}
    - target: {fileID: 224000011943219176, guid: dda5808c7ae1448818c5c78b02e58db5,
        type: 2}
      propertyPath: m_AnchorMax.y
      value: 1
      objectReference: {fileID: 0}
    - target: {fileID: 224000011943219176, guid: dda5808c7ae1448818c5c78b02e58db5,
        type: 2}
      propertyPath: m_Pivot.x
      value: 0.5
      objectReference: {fileID: 0}
    - target: {fileID: 224000011943219176, guid: dda5808c7ae1448818c5c78b02e58db5,
        type: 2}
      propertyPath: m_Pivot.y
      value: 0.5
      objectReference: {fileID: 0}
    m_RemovedComponents: []
  m_ParentPrefab: {fileID: 100100000, guid: dda5808c7ae1448818c5c78b02e58db5, type: 2}
  m_IsPrefabParent: 0
--- !u!114 &491471781 stripped
MonoBehaviour:
  m_PrefabParentObject: {fileID: 114000013463989868, guid: 59f6cf1dbabec4223b05040afcd6b6b7,
    type: 2}
  m_PrefabInternal: {fileID: 1150527018}
  m_Script: {fileID: 11500000, guid: 02bbcaa234c1045d0bdc6e516e8a920a, type: 3}
--- !u!1 &661959209 stripped
GameObject:
  m_PrefabParentObject: {fileID: 1000012316419880, guid: 3b50c766b6e3e4d6ca4805cb81dedaf3,
    type: 2}
  m_PrefabInternal: {fileID: 1839838208}
--- !u!224 &664469242
RectTransform:
  m_ObjectHideFlags: 0
  m_PrefabParentObject: {fileID: 224000010540000312, guid: 308e506b9b5d84399b21582ddf39f8eb,
    type: 2}
  m_PrefabInternal: {fileID: 0}
  m_GameObject: {fileID: 385129355}
  m_LocalRotation: {x: 0, y: 0, z: 0, w: 1}
  m_LocalPosition: {x: 0, y: 0, z: 0}
  m_LocalScale: {x: 1, y: 1, z: 1}
  m_LocalEulerAnglesHint: {x: 0, y: 0, z: 0}
  m_Children:
  - {fileID: 1308689275}
  m_Father: {fileID: 1385801393}
  m_RootOrder: 0
  m_AnchorMin: {x: 0, y: 0}
  m_AnchorMax: {x: 1, y: 1}
  m_AnchoredPosition: {x: 0, y: 0}
  m_SizeDelta: {x: -119, y: -78}
  m_Pivot: {x: 0.5, y: 0.5}
--- !u!1 &682035604 stripped
GameObject:
  m_PrefabParentObject: {fileID: 1000012693874510, guid: dda5808c7ae1448818c5c78b02e58db5,
    type: 2}
  m_PrefabInternal: {fileID: 479583738}
--- !u!224 &682035605 stripped
RectTransform:
  m_PrefabParentObject: {fileID: 224000011943219176, guid: dda5808c7ae1448818c5c78b02e58db5,
    type: 2}
  m_PrefabInternal: {fileID: 479583738}
--- !u!224 &697196519 stripped
RectTransform:
  m_PrefabParentObject: {fileID: 224000010488790210, guid: 6210f79b1803240b3866c2c42ea1b363,
    type: 2}
  m_PrefabInternal: {fileID: 2081588659}
--- !u!1001 &1150527018
Prefab:
  m_ObjectHideFlags: 0
  serializedVersion: 2
  m_Modification:
    m_TransformParent: {fileID: 437171615}
    m_Modifications:
    - target: {fileID: 224000010448813702, guid: 59f6cf1dbabec4223b05040afcd6b6b7,
        type: 2}
      propertyPath: m_LocalPosition.x
      value: 0
      objectReference: {fileID: 0}
    - target: {fileID: 224000010448813702, guid: 59f6cf1dbabec4223b05040afcd6b6b7,
        type: 2}
      propertyPath: m_LocalPosition.y
      value: 0
      objectReference: {fileID: 0}
    - target: {fileID: 224000010448813702, guid: 59f6cf1dbabec4223b05040afcd6b6b7,
        type: 2}
      propertyPath: m_LocalPosition.z
      value: -0
      objectReference: {fileID: 0}
    - target: {fileID: 224000010448813702, guid: 59f6cf1dbabec4223b05040afcd6b6b7,
        type: 2}
      propertyPath: m_LocalRotation.x
      value: -0
      objectReference: {fileID: 0}
    - target: {fileID: 224000010448813702, guid: 59f6cf1dbabec4223b05040afcd6b6b7,
        type: 2}
      propertyPath: m_LocalRotation.y
      value: -0
      objectReference: {fileID: 0}
    - target: {fileID: 224000010448813702, guid: 59f6cf1dbabec4223b05040afcd6b6b7,
        type: 2}
      propertyPath: m_LocalRotation.z
      value: -0
      objectReference: {fileID: 0}
    - target: {fileID: 224000010448813702, guid: 59f6cf1dbabec4223b05040afcd6b6b7,
        type: 2}
      propertyPath: m_LocalRotation.w
      value: 1
      objectReference: {fileID: 0}
    - target: {fileID: 224000010448813702, guid: 59f6cf1dbabec4223b05040afcd6b6b7,
        type: 2}
      propertyPath: m_RootOrder
      value: 2
      objectReference: {fileID: 0}
    - target: {fileID: 224000010448813702, guid: 59f6cf1dbabec4223b05040afcd6b6b7,
        type: 2}
      propertyPath: m_AnchoredPosition.x
      value: -33
      objectReference: {fileID: 0}
    - target: {fileID: 224000010448813702, guid: 59f6cf1dbabec4223b05040afcd6b6b7,
        type: 2}
      propertyPath: m_AnchoredPosition.y
      value: -36
      objectReference: {fileID: 0}
    - target: {fileID: 224000010448813702, guid: 59f6cf1dbabec4223b05040afcd6b6b7,
        type: 2}
      propertyPath: m_SizeDelta.x
      value: 45.599976
      objectReference: {fileID: 0}
    - target: {fileID: 224000010448813702, guid: 59f6cf1dbabec4223b05040afcd6b6b7,
        type: 2}
      propertyPath: m_SizeDelta.y
      value: 53
      objectReference: {fileID: 0}
    - target: {fileID: 224000010448813702, guid: 59f6cf1dbabec4223b05040afcd6b6b7,
        type: 2}
      propertyPath: m_AnchorMin.x
      value: 1
      objectReference: {fileID: 0}
    - target: {fileID: 224000010448813702, guid: 59f6cf1dbabec4223b05040afcd6b6b7,
        type: 2}
      propertyPath: m_AnchorMin.y
      value: 1
      objectReference: {fileID: 0}
    - target: {fileID: 224000010448813702, guid: 59f6cf1dbabec4223b05040afcd6b6b7,
        type: 2}
      propertyPath: m_AnchorMax.x
      value: 1
      objectReference: {fileID: 0}
    - target: {fileID: 224000010448813702, guid: 59f6cf1dbabec4223b05040afcd6b6b7,
        type: 2}
      propertyPath: m_AnchorMax.y
      value: 1
      objectReference: {fileID: 0}
    - target: {fileID: 224000010448813702, guid: 59f6cf1dbabec4223b05040afcd6b6b7,
        type: 2}
      propertyPath: m_Pivot.x
      value: 0.5
      objectReference: {fileID: 0}
    - target: {fileID: 224000010448813702, guid: 59f6cf1dbabec4223b05040afcd6b6b7,
        type: 2}
      propertyPath: m_Pivot.y
      value: 0.5
      objectReference: {fileID: 0}
    - target: {fileID: 224000011800726842, guid: 59f6cf1dbabec4223b05040afcd6b6b7,
        type: 2}
      propertyPath: m_RootOrder
      value: 1
      objectReference: {fileID: 0}
    - target: {fileID: 224000011800726842, guid: 59f6cf1dbabec4223b05040afcd6b6b7,
        type: 2}
      propertyPath: m_LocalPosition.z
      value: 0
      objectReference: {fileID: 0}
    - target: {fileID: 224000011800726842, guid: 59f6cf1dbabec4223b05040afcd6b6b7,
        type: 2}
      propertyPath: m_LocalScale.x
      value: 2.385152
      objectReference: {fileID: 0}
    - target: {fileID: 224000011800726842, guid: 59f6cf1dbabec4223b05040afcd6b6b7,
        type: 2}
      propertyPath: m_LocalScale.y
      value: 2.385152
      objectReference: {fileID: 0}
    - target: {fileID: 224000011800726842, guid: 59f6cf1dbabec4223b05040afcd6b6b7,
        type: 2}
      propertyPath: m_LocalScale.z
      value: 2.385152
      objectReference: {fileID: 0}
    - target: {fileID: 224000011800726842, guid: 59f6cf1dbabec4223b05040afcd6b6b7,
        type: 2}
      propertyPath: m_AnchoredPosition.x
      value: -366
      objectReference: {fileID: 0}
    - target: {fileID: 224000011800726842, guid: 59f6cf1dbabec4223b05040afcd6b6b7,
        type: 2}
      propertyPath: m_AnchoredPosition.y
      value: -71
      objectReference: {fileID: 0}
    - target: {fileID: 114000011440178044, guid: 59f6cf1dbabec4223b05040afcd6b6b7,
        type: 2}
      propertyPath: m_OnClick.m_PersistentCalls.m_Calls.Array.data[0].m_MethodName
      value: Back
      objectReference: {fileID: 0}
    - target: {fileID: 114000011440178044, guid: 59f6cf1dbabec4223b05040afcd6b6b7,
        type: 2}
      propertyPath: m_OnClick.m_PersistentCalls.m_Calls.Array.data[0].m_Target
      value: 
      objectReference: {fileID: 491471781}
    m_RemovedComponents: []
  m_ParentPrefab: {fileID: 100100000, guid: 59f6cf1dbabec4223b05040afcd6b6b7, type: 2}
  m_IsPrefabParent: 0
--- !u!224 &1150527019 stripped
RectTransform:
  m_PrefabParentObject: {fileID: 224000011800726842, guid: 59f6cf1dbabec4223b05040afcd6b6b7,
    type: 2}
  m_PrefabInternal: {fileID: 1150527018}
--- !u!1 &1308689274
GameObject:
  m_ObjectHideFlags: 0
  m_PrefabParentObject: {fileID: 1000013334685038, guid: 308e506b9b5d84399b21582ddf39f8eb,
    type: 2}
  m_PrefabInternal: {fileID: 0}
  serializedVersion: 4
  m_Component:
  - 224: {fileID: 1308689275}
  - 222: {fileID: 1308689277}
  - 114: {fileID: 1308689276}
  m_Layer: 5
  m_Name: MainView
  m_TagString: Untagged
  m_Icon: {fileID: 0}
  m_NavMeshLayer: 0
  m_StaticEditorFlags: 0
  m_IsActive: 1
--- !u!224 &1308689275
RectTransform:
  m_ObjectHideFlags: 0
  m_PrefabParentObject: {fileID: 224000010002084040, guid: 308e506b9b5d84399b21582ddf39f8eb,
    type: 2}
  m_PrefabInternal: {fileID: 0}
  m_GameObject: {fileID: 1308689274}
  m_LocalRotation: {x: -0, y: -0, z: -0, w: 1}
  m_LocalPosition: {x: 0, y: 0, z: 0}
  m_LocalScale: {x: 1, y: 1, z: 1}
  m_LocalEulerAnglesHint: {x: 0, y: 0, z: 0}
  m_Children:
  - {fileID: 1839838209}
  - {fileID: 437171615}
  - {fileID: 697196519}
  m_Father: {fileID: 664469242}
  m_RootOrder: 0
  m_AnchorMin: {x: 0, y: 0}
  m_AnchorMax: {x: 1, y: 1}
  m_AnchoredPosition: {x: 0, y: 0}
  m_SizeDelta: {x: 0, y: 0}
  m_Pivot: {x: 0.5, y: 0.5}
--- !u!114 &1308689276
MonoBehaviour:
  m_ObjectHideFlags: 0
  m_PrefabParentObject: {fileID: 114000013918426602, guid: 308e506b9b5d84399b21582ddf39f8eb,
    type: 2}
  m_PrefabInternal: {fileID: 0}
  m_GameObject: {fileID: 1308689274}
  m_Enabled: 1
  m_EditorHideFlags: 0
  m_Script: {fileID: -765806418, guid: f5f67c52d1564df4a8936ccd202a3bd8, type: 3}
  m_Name: 
  m_EditorClassIdentifier: 
  m_Material: {fileID: 0}
  m_Color: {r: 1, g: 1, b: 1, a: 1}
  m_RaycastTarget: 1
  m_OnCullStateChanged:
    m_PersistentCalls:
      m_Calls: []
    m_TypeName: UnityEngine.UI.MaskableGraphic+CullStateChangedEvent, UnityEngine.UI,
      Version=1.0.0.0, Culture=neutral, PublicKeyToken=null
  m_Sprite: {fileID: 10905, guid: 0000000000000000f000000000000000, type: 0}
  m_Type: 1
  m_PreserveAspect: 0
  m_FillCenter: 1
  m_FillMethod: 4
  m_FillAmount: 1
  m_FillClockwise: 1
  m_FillOrigin: 0
--- !u!222 &1308689277
CanvasRenderer:
  m_ObjectHideFlags: 0
  m_PrefabParentObject: {fileID: 222000011533214740, guid: 308e506b9b5d84399b21582ddf39f8eb,
    type: 2}
  m_PrefabInternal: {fileID: 0}
  m_GameObject: {fileID: 1308689274}
--- !u!1 &1385801389
GameObject:
  m_ObjectHideFlags: 0
  m_PrefabParentObject: {fileID: 0}
  m_PrefabInternal: {fileID: 0}
  serializedVersion: 4
  m_Component:
  - 224: {fileID: 1385801393}
  - 223: {fileID: 1385801392}
  - 114: {fileID: 1385801391}
  - 114: {fileID: 1385801390}
  m_Layer: 5
  m_Name: Main Canvas
  m_TagString: Untagged
  m_Icon: {fileID: 0}
  m_NavMeshLayer: 0
  m_StaticEditorFlags: 0
  m_IsActive: 1
--- !u!114 &1385801390
MonoBehaviour:
  m_ObjectHideFlags: 0
  m_PrefabParentObject: {fileID: 0}
  m_PrefabInternal: {fileID: 0}
  m_GameObject: {fileID: 1385801389}
  m_Enabled: 1
  m_EditorHideFlags: 0
  m_Script: {fileID: 1301386320, guid: f5f67c52d1564df4a8936ccd202a3bd8, type: 3}
  m_Name: 
  m_EditorClassIdentifier: 
  m_IgnoreReversedGraphics: 1
  m_BlockingObjects: 0
  m_BlockingMask:
    serializedVersion: 2
    m_Bits: 4294967295
--- !u!114 &1385801391
MonoBehaviour:
  m_ObjectHideFlags: 0
  m_PrefabParentObject: {fileID: 0}
  m_PrefabInternal: {fileID: 0}
  m_GameObject: {fileID: 1385801389}
  m_Enabled: 1
  m_EditorHideFlags: 0
  m_Script: {fileID: 1980459831, guid: f5f67c52d1564df4a8936ccd202a3bd8, type: 3}
  m_Name: 
  m_EditorClassIdentifier: 
  m_UiScaleMode: 1
  m_ReferencePixelsPerUnit: 100
  m_ScaleFactor: 1
  m_ReferenceResolution: {x: 1400, y: 900}
  m_ScreenMatchMode: 0
  m_MatchWidthOrHeight: 0.55
  m_PhysicalUnit: 3
  m_FallbackScreenDPI: 96
  m_DefaultSpriteDPI: 96
  m_DynamicPixelsPerUnit: 1
--- !u!223 &1385801392
Canvas:
  m_ObjectHideFlags: 0
  m_PrefabParentObject: {fileID: 0}
  m_PrefabInternal: {fileID: 0}
  m_GameObject: {fileID: 1385801389}
  m_Enabled: 1
  serializedVersion: 2
  m_RenderMode: 0
  m_Camera: {fileID: 1645280834}
  m_PlaneDistance: 100
  m_PixelPerfect: 1
  m_ReceivesEvents: 1
  m_OverrideSorting: 0
  m_OverridePixelPerfect: 0
  m_SortingBucketNormalizedSize: 0
  m_SortingLayerID: 0
  m_SortingOrder: 0
  m_TargetDisplay: 0
--- !u!224 &1385801393
RectTransform:
  m_ObjectHideFlags: 0
  m_PrefabParentObject: {fileID: 0}
  m_PrefabInternal: {fileID: 0}
  m_GameObject: {fileID: 1385801389}
  m_LocalRotation: {x: 0, y: 0, z: 0, w: 1}
  m_LocalPosition: {x: 0, y: 0, z: 0}
  m_LocalScale: {x: 0, y: 0, z: 0}
  m_LocalEulerAnglesHint: {x: 8.575001, y: 4.67, z: 0}
  m_Children:
  - {fileID: 664469242}
  m_Father: {fileID: 0}
  m_RootOrder: 1
  m_AnchorMin: {x: 0, y: 0}
  m_AnchorMax: {x: 0, y: 0}
  m_AnchoredPosition: {x: 0, y: 0}
  m_SizeDelta: {x: 0, y: 0}
  m_Pivot: {x: 0, y: 0}
--- !u!1 &1422166812
GameObject:
  m_ObjectHideFlags: 0
  m_PrefabParentObject: {fileID: 0}
  m_PrefabInternal: {fileID: 0}
  serializedVersion: 4
  m_Component:
  - 4: {fileID: 1422166814}
  - 114: {fileID: 1422166813}
  - 114: {fileID: 1422166815}
  m_Layer: 0
  m_Name: UISceneManager
  m_TagString: Untagged
  m_Icon: {fileID: 0}
  m_NavMeshLayer: 0
  m_StaticEditorFlags: 0
  m_IsActive: 1
--- !u!114 &1422166813
MonoBehaviour:
  m_ObjectHideFlags: 0
  m_PrefabParentObject: {fileID: 0}
  m_PrefabInternal: {fileID: 0}
  m_GameObject: {fileID: 1422166812}
  m_Enabled: 0
  m_EditorHideFlags: 0
  m_Script: {fileID: 11500000, guid: bcfca7339ad8a4358980f19dc32fc481, type: 3}
  m_Name: 
  m_EditorClassIdentifier: 
  initiallyOpen: {fileID: 0}
--- !u!4 &1422166814
Transform:
  m_ObjectHideFlags: 0
  m_PrefabParentObject: {fileID: 0}
  m_PrefabInternal: {fileID: 0}
  m_GameObject: {fileID: 1422166812}
  m_LocalRotation: {x: 0, y: 0, z: 0, w: 1}
  m_LocalPosition: {x: 0, y: 0, z: 0}
  m_LocalScale: {x: 1, y: 1, z: 1}
  m_LocalEulerAnglesHint: {x: 0, y: 0, z: 0}
  m_Children: []
  m_Father: {fileID: 0}
  m_RootOrder: 3
--- !u!114 &1422166815
MonoBehaviour:
  m_ObjectHideFlags: 0
  m_PrefabParentObject: {fileID: 0}
  m_PrefabInternal: {fileID: 0}
  m_GameObject: {fileID: 1422166812}
  m_Enabled: 1
  m_EditorHideFlags: 0
  m_Script: {fileID: 11500000, guid: 2403b554af4964c27af5bc9dd6405f9c, type: 3}
  m_Name: 
  m_EditorClassIdentifier: 
  loadingScreen: {fileID: 661959209}
--- !u!1 &1645280833
GameObject:
  m_ObjectHideFlags: 0
  m_PrefabParentObject: {fileID: 0}
  m_PrefabInternal: {fileID: 0}
  serializedVersion: 4
  m_Component:
  - 4: {fileID: 1645280838}
  - 20: {fileID: 1645280834}
  - 92: {fileID: 1645280837}
  - 124: {fileID: 1645280836}
  - 81: {fileID: 1645280835}
  m_Layer: 0
  m_Name: Main Camera
  m_TagString: MainCamera
  m_Icon: {fileID: 0}
  m_NavMeshLayer: 0
  m_StaticEditorFlags: 0
  m_IsActive: 1
--- !u!20 &1645280834
Camera:
  m_ObjectHideFlags: 0
  m_PrefabParentObject: {fileID: 0}
  m_PrefabInternal: {fileID: 0}
  m_GameObject: {fileID: 1645280833}
  m_Enabled: 1
  serializedVersion: 2
  m_ClearFlags: 2
  m_BackGroundColor: {r: 0.0000622106, g: 0.0009618624, b: 0.00228851, a: 0.02}
  m_NormalizedViewPortRect:
    serializedVersion: 2
    x: 0
    y: 0
    width: 1
    height: 1
  near clip plane: 0.1
  far clip plane: 1000
  field of view: 40
  orthographic: 0
  orthographic size: 5
  m_Depth: -1
  m_CullingMask:
    serializedVersion: 2
    m_Bits: 4294967295
  m_RenderingPath: -1
  m_TargetTexture: {fileID: 0}
  m_TargetDisplay: 0
  m_TargetEye: 3
  m_HDR: 0
  m_OcclusionCulling: 1
  m_StereoConvergence: 10
  m_StereoSeparation: 0.022
  m_StereoMirrorMode: 0
--- !u!81 &1645280835
AudioListener:
  m_ObjectHideFlags: 0
  m_PrefabParentObject: {fileID: 0}
  m_PrefabInternal: {fileID: 0}
  m_GameObject: {fileID: 1645280833}
  m_Enabled: 1
--- !u!124 &1645280836
Behaviour:
  m_ObjectHideFlags: 0
  m_PrefabParentObject: {fileID: 0}
  m_PrefabInternal: {fileID: 0}
  m_GameObject: {fileID: 1645280833}
  m_Enabled: 1
--- !u!92 &1645280837
Behaviour:
  m_ObjectHideFlags: 0
  m_PrefabParentObject: {fileID: 0}
  m_PrefabInternal: {fileID: 0}
  m_GameObject: {fileID: 1645280833}
  m_Enabled: 1
--- !u!4 &1645280838
Transform:
  m_ObjectHideFlags: 0
  m_PrefabParentObject: {fileID: 0}
  m_PrefabInternal: {fileID: 0}
  m_GameObject: {fileID: 1645280833}
  m_LocalRotation: {x: 0, y: -1, z: 0, w: 0}
  m_LocalPosition: {x: 0, y: 1, z: -22}
  m_LocalScale: {x: 1, y: 1, z: 1}
  m_LocalEulerAnglesHint: {x: 0, y: -180, z: 0}
  m_Children: []
  m_Father: {fileID: 0}
  m_RootOrder: 0
--- !u!1 &1788697424
GameObject:
  m_ObjectHideFlags: 0
  m_PrefabParentObject: {fileID: 0}
  m_PrefabInternal: {fileID: 0}
  serializedVersion: 4
  m_Component:
  - 4: {fileID: 1788697427}
  - 114: {fileID: 1788697426}
  - 114: {fileID: 1788697425}
  m_Layer: 0
  m_Name: EventSystem
  m_TagString: Untagged
  m_Icon: {fileID: 0}
  m_NavMeshLayer: 0
  m_StaticEditorFlags: 0
  m_IsActive: 1
--- !u!114 &1788697425
MonoBehaviour:
  m_ObjectHideFlags: 0
  m_PrefabParentObject: {fileID: 0}
  m_PrefabInternal: {fileID: 0}
  m_GameObject: {fileID: 1788697424}
  m_Enabled: 1
  m_EditorHideFlags: 0
  m_Script: {fileID: 1077351063, guid: f5f67c52d1564df4a8936ccd202a3bd8, type: 3}
  m_Name: 
  m_EditorClassIdentifier: 
  m_HorizontalAxis: Horizontal
  m_VerticalAxis: Vertical
  m_SubmitButton: Submit
  m_CancelButton: Cancel
  m_InputActionsPerSecond: 10
  m_RepeatDelay: 0.5
  m_ForceModuleActive: 0
--- !u!114 &1788697426
MonoBehaviour:
  m_ObjectHideFlags: 0
  m_PrefabParentObject: {fileID: 0}
  m_PrefabInternal: {fileID: 0}
  m_GameObject: {fileID: 1788697424}
  m_Enabled: 1
  m_EditorHideFlags: 0
  m_Script: {fileID: -619905303, guid: f5f67c52d1564df4a8936ccd202a3bd8, type: 3}
  m_Name: 
  m_EditorClassIdentifier: 
  m_FirstSelected: {fileID: 682035604}
  m_sendNavigationEvents: 1
  m_DragThreshold: 5
--- !u!4 &1788697427
Transform:
  m_ObjectHideFlags: 0
  m_PrefabParentObject: {fileID: 0}
  m_PrefabInternal: {fileID: 0}
  m_GameObject: {fileID: 1788697424}
  m_LocalRotation: {x: 0, y: 0, z: 0, w: 1}
  m_LocalPosition: {x: 0, y: 0, z: 0}
  m_LocalScale: {x: 1, y: 1, z: 1}
  m_LocalEulerAnglesHint: {x: 0, y: 0, z: 0}
  m_Children: []
  m_Father: {fileID: 0}
  m_RootOrder: 2
--- !u!1001 &1839838208
Prefab:
  m_ObjectHideFlags: 0
  serializedVersion: 2
  m_Modification:
    m_TransformParent: {fileID: 1308689275}
    m_Modifications:
    - target: {fileID: 224000013048478976, guid: 3b50c766b6e3e4d6ca4805cb81dedaf3,
        type: 2}
      propertyPath: m_LocalPosition.x
      value: 0
      objectReference: {fileID: 0}
    - target: {fileID: 224000013048478976, guid: 3b50c766b6e3e4d6ca4805cb81dedaf3,
        type: 2}
      propertyPath: m_LocalPosition.y
      value: 0
      objectReference: {fileID: 0}
    - target: {fileID: 224000013048478976, guid: 3b50c766b6e3e4d6ca4805cb81dedaf3,
        type: 2}
      propertyPath: m_LocalPosition.z
      value: 0
      objectReference: {fileID: 0}
    - target: {fileID: 224000013048478976, guid: 3b50c766b6e3e4d6ca4805cb81dedaf3,
        type: 2}
      propertyPath: m_LocalRotation.x
      value: -0
      objectReference: {fileID: 0}
    - target: {fileID: 224000013048478976, guid: 3b50c766b6e3e4d6ca4805cb81dedaf3,
        type: 2}
      propertyPath: m_LocalRotation.y
      value: -0
      objectReference: {fileID: 0}
    - target: {fileID: 224000013048478976, guid: 3b50c766b6e3e4d6ca4805cb81dedaf3,
        type: 2}
      propertyPath: m_LocalRotation.z
      value: -0
      objectReference: {fileID: 0}
    - target: {fileID: 224000013048478976, guid: 3b50c766b6e3e4d6ca4805cb81dedaf3,
        type: 2}
      propertyPath: m_LocalRotation.w
      value: 1
      objectReference: {fileID: 0}
    - target: {fileID: 224000013048478976, guid: 3b50c766b6e3e4d6ca4805cb81dedaf3,
        type: 2}
      propertyPath: m_RootOrder
      value: 0
      objectReference: {fileID: 0}
    - target: {fileID: 224000013048478976, guid: 3b50c766b6e3e4d6ca4805cb81dedaf3,
        type: 2}
      propertyPath: m_AnchoredPosition.x
      value: -1.0000038
      objectReference: {fileID: 0}
    - target: {fileID: 224000013048478976, guid: 3b50c766b6e3e4d6ca4805cb81dedaf3,
        type: 2}
      propertyPath: m_AnchoredPosition.y
      value: 0.000030517578
      objectReference: {fileID: 0}
    - target: {fileID: 224000013048478976, guid: 3b50c766b6e3e4d6ca4805cb81dedaf3,
        type: 2}
      propertyPath: m_SizeDelta.x
      value: -1
      objectReference: {fileID: 0}
    - target: {fileID: 224000013048478976, guid: 3b50c766b6e3e4d6ca4805cb81dedaf3,
        type: 2}
      propertyPath: m_SizeDelta.y
      value: 2.000061
      objectReference: {fileID: 0}
    - target: {fileID: 224000013048478976, guid: 3b50c766b6e3e4d6ca4805cb81dedaf3,
        type: 2}
      propertyPath: m_AnchorMin.x
      value: 0
      objectReference: {fileID: 0}
    - target: {fileID: 224000013048478976, guid: 3b50c766b6e3e4d6ca4805cb81dedaf3,
        type: 2}
      propertyPath: m_AnchorMin.y
      value: 0
      objectReference: {fileID: 0}
    - target: {fileID: 224000013048478976, guid: 3b50c766b6e3e4d6ca4805cb81dedaf3,
        type: 2}
      propertyPath: m_AnchorMax.x
      value: 1
      objectReference: {fileID: 0}
    - target: {fileID: 224000013048478976, guid: 3b50c766b6e3e4d6ca4805cb81dedaf3,
        type: 2}
      propertyPath: m_AnchorMax.y
      value: 1
      objectReference: {fileID: 0}
    - target: {fileID: 224000013048478976, guid: 3b50c766b6e3e4d6ca4805cb81dedaf3,
        type: 2}
      propertyPath: m_Pivot.x
      value: 0.5
      objectReference: {fileID: 0}
    - target: {fileID: 224000013048478976, guid: 3b50c766b6e3e4d6ca4805cb81dedaf3,
        type: 2}
      propertyPath: m_Pivot.y
      value: 0.5
      objectReference: {fileID: 0}
    - target: {fileID: 224000012186918752, guid: 3b50c766b6e3e4d6ca4805cb81dedaf3,
        type: 2}
      propertyPath: m_AnchorMax.y
      value: 1
      objectReference: {fileID: 0}
    - target: {fileID: 1000012316419880, guid: 3b50c766b6e3e4d6ca4805cb81dedaf3, type: 2}
      propertyPath: m_IsActive
      value: 0
      objectReference: {fileID: 0}
    m_RemovedComponents: []
  m_ParentPrefab: {fileID: 100100000, guid: 3b50c766b6e3e4d6ca4805cb81dedaf3, type: 2}
  m_IsPrefabParent: 0
--- !u!224 &1839838209 stripped
RectTransform:
  m_PrefabParentObject: {fileID: 224000013048478976, guid: 3b50c766b6e3e4d6ca4805cb81dedaf3,
    type: 2}
  m_PrefabInternal: {fileID: 1839838208}
--- !u!1001 &2081588659
Prefab:
  m_ObjectHideFlags: 0
  serializedVersion: 2
  m_Modification:
    m_TransformParent: {fileID: 1308689275}
    m_Modifications:
    - target: {fileID: 114000011799021182, guid: 6210f79b1803240b3866c2c42ea1b363,
        type: 2}
      propertyPath: m_OnClick.m_PersistentCalls.m_Calls.Array.size
      value: 0
      objectReference: {fileID: 0}
    - target: {fileID: 224000010488790210, guid: 6210f79b1803240b3866c2c42ea1b363,
        type: 2}
      propertyPath: m_LocalPosition.x
      value: 0
      objectReference: {fileID: 0}
    - target: {fileID: 224000010488790210, guid: 6210f79b1803240b3866c2c42ea1b363,
        type: 2}
      propertyPath: m_LocalPosition.y
      value: 0
      objectReference: {fileID: 0}
    - target: {fileID: 224000010488790210, guid: 6210f79b1803240b3866c2c42ea1b363,
        type: 2}
      propertyPath: m_LocalPosition.z
      value: 0
      objectReference: {fileID: 0}
    - target: {fileID: 224000010488790210, guid: 6210f79b1803240b3866c2c42ea1b363,
        type: 2}
      propertyPath: m_LocalRotation.x
      value: 0
      objectReference: {fileID: 0}
    - target: {fileID: 224000010488790210, guid: 6210f79b1803240b3866c2c42ea1b363,
        type: 2}
      propertyPath: m_LocalRotation.y
      value: 0
      objectReference: {fileID: 0}
    - target: {fileID: 224000010488790210, guid: 6210f79b1803240b3866c2c42ea1b363,
        type: 2}
      propertyPath: m_LocalRotation.z
      value: 0
      objectReference: {fileID: 0}
    - target: {fileID: 224000010488790210, guid: 6210f79b1803240b3866c2c42ea1b363,
        type: 2}
      propertyPath: m_LocalRotation.w
      value: 1
      objectReference: {fileID: 0}
    - target: {fileID: 224000010488790210, guid: 6210f79b1803240b3866c2c42ea1b363,
        type: 2}
      propertyPath: m_RootOrder
      value: 2
      objectReference: {fileID: 0}
    - target: {fileID: 224000010488790210, guid: 6210f79b1803240b3866c2c42ea1b363,
        type: 2}
      propertyPath: m_AnchoredPosition.x
      value: -44.250046
      objectReference: {fileID: 0}
    - target: {fileID: 224000010488790210, guid: 6210f79b1803240b3866c2c42ea1b363,
        type: 2}
      propertyPath: m_AnchoredPosition.y
      value: -26
      objectReference: {fileID: 0}
    - target: {fileID: 224000010488790210, guid: 6210f79b1803240b3866c2c42ea1b363,
        type: 2}
      propertyPath: m_SizeDelta.x
      value: -88
      objectReference: {fileID: 0}
    - target: {fileID: 224000010488790210, guid: 6210f79b1803240b3866c2c42ea1b363,
        type: 2}
      propertyPath: m_SizeDelta.y
      value: -51
      objectReference: {fileID: 0}
    - target: {fileID: 224000010488790210, guid: 6210f79b1803240b3866c2c42ea1b363,
        type: 2}
      propertyPath: m_AnchorMin.x
      value: 0
      objectReference: {fileID: 0}
    - target: {fileID: 224000010488790210, guid: 6210f79b1803240b3866c2c42ea1b363,
        type: 2}
      propertyPath: m_AnchorMin.y
      value: 0
      objectReference: {fileID: 0}
    - target: {fileID: 224000010488790210, guid: 6210f79b1803240b3866c2c42ea1b363,
        type: 2}
      propertyPath: m_AnchorMax.x
      value: 1
      objectReference: {fileID: 0}
    - target: {fileID: 224000010488790210, guid: 6210f79b1803240b3866c2c42ea1b363,
        type: 2}
      propertyPath: m_AnchorMax.y
      value: 1
      objectReference: {fileID: 0}
    - target: {fileID: 224000010488790210, guid: 6210f79b1803240b3866c2c42ea1b363,
        type: 2}
      propertyPath: m_Pivot.x
      value: 0.5
      objectReference: {fileID: 0}
    - target: {fileID: 224000010488790210, guid: 6210f79b1803240b3866c2c42ea1b363,
        type: 2}
      propertyPath: m_Pivot.y
      value: 0.5
      objectReference: {fileID: 0}
    - target: {fileID: 114000011541831320, guid: 6210f79b1803240b3866c2c42ea1b363,
        type: 2}
      propertyPath: m_OnClick.m_PersistentCalls.m_Calls.Array.data[0].m_Target
      value: 
      objectReference: {fileID: 1422166815}
    - target: {fileID: 114000011686860154, guid: 6210f79b1803240b3866c2c42ea1b363,
        type: 2}
      propertyPath: m_OnClick.m_PersistentCalls.m_Calls.Array.data[0].m_Target
      value: 
      objectReference: {fileID: 1422166815}
    - target: {fileID: 114000013924866822, guid: 6210f79b1803240b3866c2c42ea1b363,
        type: 2}
      propertyPath: m_OnClick.m_PersistentCalls.m_Calls.Array.data[0].m_Target
      value: 
      objectReference: {fileID: 1422166815}
    - target: {fileID: 114000010081319236, guid: 6210f79b1803240b3866c2c42ea1b363,
        type: 2}
      propertyPath: m_OnClick.m_PersistentCalls.m_Calls.Array.data[0].m_Target
      value: 
      objectReference: {fileID: 1422166815}
    - target: {fileID: 114000013993262054, guid: 6210f79b1803240b3866c2c42ea1b363,
        type: 2}
      propertyPath: m_OnClick.m_PersistentCalls.m_Calls.Array.data[0].m_Target
      value: 
      objectReference: {fileID: 1422166815}
    - target: {fileID: 114000011799021182, guid: 6210f79b1803240b3866c2c42ea1b363,
        type: 2}
      propertyPath: m_OnClick.m_PersistentCalls.m_Calls.Array.data[0].m_Target
      value: 
      objectReference: {fileID: 1422166813}
    - target: {fileID: 114000013031506580, guid: 6210f79b1803240b3866c2c42ea1b363,
        type: 2}
      propertyPath: m_OnClick.m_PersistentCalls.m_Calls.Array.data[0].m_Target
      value: 
      objectReference: {fileID: 1422166815}
    - target: {fileID: 114000011490228912, guid: 6210f79b1803240b3866c2c42ea1b363,
        type: 2}
      propertyPath: m_OnClick.m_PersistentCalls.m_Calls.Array.data[0].m_Target
      value: 
      objectReference: {fileID: 1422166815}
    - target: {fileID: 114000013542421696, guid: 6210f79b1803240b3866c2c42ea1b363,
        type: 2}
      propertyPath: m_OnClick.m_PersistentCalls.m_Calls.Array.data[0].m_Target
      value: 
      objectReference: {fileID: 1422166815}
    - target: {fileID: 114000011799021182, guid: 6210f79b1803240b3866c2c42ea1b363,
        type: 2}
      propertyPath: m_OnClick.m_PersistentCalls.m_Calls.Array.data[0].m_MethodName
      value: OpenPanel
      objectReference: {fileID: 0}
    - target: {fileID: 114000011799021182, guid: 6210f79b1803240b3866c2c42ea1b363,
        type: 2}
      propertyPath: m_OnClick.m_PersistentCalls.m_Calls.Array.data[0].m_Mode
      value: 2
      objectReference: {fileID: 0}
    - target: {fileID: 114000011799021182, guid: 6210f79b1803240b3866c2c42ea1b363,
        type: 2}
      propertyPath: m_OnClick.m_PersistentCalls.m_Calls.Array.data[0].m_Arguments.m_ObjectArgumentAssemblyTypeName
      value: UnityEngine.Animator, UnityEngine
      objectReference: {fileID: 0}
    - target: {fileID: 114000011799021182, guid: 6210f79b1803240b3866c2c42ea1b363,
        type: 2}
      propertyPath: m_OnClick.m_PersistentCalls.m_Calls.Array.data[0].m_CallState
      value: 1
      objectReference: {fileID: 0}
    - target: {fileID: 114000013949814098, guid: 6210f79b1803240b3866c2c42ea1b363,
        type: 2}
      propertyPath: m_Color.r
      value: 0.9607844
      objectReference: {fileID: 0}
    - target: {fileID: 114000013949814098, guid: 6210f79b1803240b3866c2c42ea1b363,
        type: 2}
      propertyPath: m_Color.g
      value: 0.9607844
      objectReference: {fileID: 0}
    - target: {fileID: 114000013949814098, guid: 6210f79b1803240b3866c2c42ea1b363,
        type: 2}
      propertyPath: m_Color.b
      value: 0.9607844
      objectReference: {fileID: 0}
    - target: {fileID: 224000010409493080, guid: 6210f79b1803240b3866c2c42ea1b363,
        type: 2}
      propertyPath: m_AnchoredPosition.y
      value: 1
      objectReference: {fileID: 0}
    - target: {fileID: 224000010409493080, guid: 6210f79b1803240b3866c2c42ea1b363,
        type: 2}
      propertyPath: m_SizeDelta.y
      value: 578
      objectReference: {fileID: 0}
    - target: {fileID: 224000010409493080, guid: 6210f79b1803240b3866c2c42ea1b363,
        type: 2}
      propertyPath: m_AnchoredPosition.x
      value: -6.749983
      objectReference: {fileID: 0}
    - target: {fileID: 224000010409493080, guid: 6210f79b1803240b3866c2c42ea1b363,
        type: 2}
      propertyPath: m_SizeDelta.x
      value: 316
      objectReference: {fileID: 0}
    - target: {fileID: 224000012864747738, guid: 6210f79b1803240b3866c2c42ea1b363,
        type: 2}
      propertyPath: m_AnchoredPosition.x
      value: 41
      objectReference: {fileID: 0}
    - target: {fileID: 224000012864747738, guid: 6210f79b1803240b3866c2c42ea1b363,
        type: 2}
      propertyPath: m_SizeDelta.x
      value: 330
      objectReference: {fileID: 0}
    - target: {fileID: 224000012864747738, guid: 6210f79b1803240b3866c2c42ea1b363,
        type: 2}
      propertyPath: m_SizeDelta.y
      value: 141.03
      objectReference: {fileID: 0}
    - target: {fileID: 224000012864747738, guid: 6210f79b1803240b3866c2c42ea1b363,
        type: 2}
      propertyPath: m_AnchoredPosition.y
      value: 38
      objectReference: {fileID: 0}
    - target: {fileID: 224000011586013690, guid: 6210f79b1803240b3866c2c42ea1b363,
        type: 2}
      propertyPath: m_AnchoredPosition.y
      value: -325
      objectReference: {fileID: 0}
    - target: {fileID: 224000011586013690, guid: 6210f79b1803240b3866c2c42ea1b363,
        type: 2}
      propertyPath: m_SizeDelta.y
      value: 581
      objectReference: {fileID: 0}
    - target: {fileID: 224000011586013690, guid: 6210f79b1803240b3866c2c42ea1b363,
        type: 2}
      propertyPath: m_AnchoredPosition.x
      value: 258
      objectReference: {fileID: 0}
    - target: {fileID: 224000011586013690, guid: 6210f79b1803240b3866c2c42ea1b363,
        type: 2}
      propertyPath: m_SizeDelta.x
      value: 503
      objectReference: {fileID: 0}
    - target: {fileID: 224000010767486816, guid: 6210f79b1803240b3866c2c42ea1b363,
        type: 2}
      propertyPath: m_AnchoredPosition.y
      value: -320
      objectReference: {fileID: 0}
    - target: {fileID: 224000010767486816, guid: 6210f79b1803240b3866c2c42ea1b363,
        type: 2}
      propertyPath: m_SizeDelta.x
      value: 517
      objectReference: {fileID: 0}
    - target: {fileID: 224000010767486816, guid: 6210f79b1803240b3866c2c42ea1b363,
        type: 2}
      propertyPath: m_SizeDelta.y
      value: 581
      objectReference: {fileID: 0}
    - target: {fileID: 224000013476026690, guid: 6210f79b1803240b3866c2c42ea1b363,
        type: 2}
      propertyPath: m_AnchoredPosition.y
      value: 156.5
      objectReference: {fileID: 0}
    - target: {fileID: 224000013476026690, guid: 6210f79b1803240b3866c2c42ea1b363,
        type: 2}
      propertyPath: m_SizeDelta.y
      value: 321
      objectReference: {fileID: 0}
    - target: {fileID: 224000010767486816, guid: 6210f79b1803240b3866c2c42ea1b363,
        type: 2}
      propertyPath: m_AnchoredPosition.x
      value: -186
      objectReference: {fileID: 0}
    - target: {fileID: 224000012683312124, guid: 6210f79b1803240b3866c2c42ea1b363,
        type: 2}
      propertyPath: m_AnchoredPosition.x
      value: 139
      objectReference: {fileID: 0}
    - target: {fileID: 224000012683312124, guid: 6210f79b1803240b3866c2c42ea1b363,
        type: 2}
      propertyPath: m_SizeDelta.x
      value: 277
      objectReference: {fileID: 0}
    - target: {fileID: 224000012683312124, guid: 6210f79b1803240b3866c2c42ea1b363,
        type: 2}
      propertyPath: m_AnchoredPosition.y
      value: -125
      objectReference: {fileID: 0}
    - target: {fileID: 224000012683312124, guid: 6210f79b1803240b3866c2c42ea1b363,
        type: 2}
      propertyPath: m_SizeDelta.y
      value: 242
      objectReference: {fileID: 0}
    - target: {fileID: 224000013608517090, guid: 6210f79b1803240b3866c2c42ea1b363,
        type: 2}
      propertyPath: m_AnchoredPosition.y
      value: -125
      objectReference: {fileID: 0}
    - target: {fileID: 224000013608517090, guid: 6210f79b1803240b3866c2c42ea1b363,
        type: 2}
      propertyPath: m_SizeDelta.y
      value: 242
      objectReference: {fileID: 0}
    - target: {fileID: 224000013782735846, guid: 6210f79b1803240b3866c2c42ea1b363,
        type: 2}
      propertyPath: m_AnchoredPosition.y
      value: -22
      objectReference: {fileID: 0}
    - target: {fileID: 224000013782735846, guid: 6210f79b1803240b3866c2c42ea1b363,
        type: 2}
      propertyPath: m_SizeDelta.y
      value: 178
      objectReference: {fileID: 0}
    - target: {fileID: 224000012306735476, guid: 6210f79b1803240b3866c2c42ea1b363,
        type: 2}
      propertyPath: m_AnchoredPosition.y
      value: -22
      objectReference: {fileID: 0}
    - target: {fileID: 224000012306735476, guid: 6210f79b1803240b3866c2c42ea1b363,
        type: 2}
      propertyPath: m_SizeDelta.y
      value: 178
      objectReference: {fileID: 0}
    - target: {fileID: 224000013782735846, guid: 6210f79b1803240b3866c2c42ea1b363,
        type: 2}
      propertyPath: m_AnchoredPosition.x
      value: -113.5
      objectReference: {fileID: 0}
    - target: {fileID: 224000013386777952, guid: 6210f79b1803240b3866c2c42ea1b363,
        type: 2}
      propertyPath: m_AnchoredPosition.y
      value: 82
      objectReference: {fileID: 0}
    - target: {fileID: 224000013386777952, guid: 6210f79b1803240b3866c2c42ea1b363,
        type: 2}
      propertyPath: m_SizeDelta.y
      value: 163
      objectReference: {fileID: 0}
    - target: {fileID: 224000013222871316, guid: 6210f79b1803240b3866c2c42ea1b363,
        type: 2}
      propertyPath: m_AnchoredPosition.y
      value: 81.75
      objectReference: {fileID: 0}
    - target: {fileID: 224000013222871316, guid: 6210f79b1803240b3866c2c42ea1b363,
        type: 2}
      propertyPath: m_SizeDelta.y
      value: 163.5
      objectReference: {fileID: 0}
    - target: {fileID: 224000013608517090, guid: 6210f79b1803240b3866c2c42ea1b363,
        type: 2}
      propertyPath: m_AnchoredPosition.x
      value: -115
      objectReference: {fileID: 0}
    - target: {fileID: 114000010081319236, guid: 6210f79b1803240b3866c2c42ea1b363,
        type: 2}
      propertyPath: m_OnClick.m_PersistentCalls.m_Calls.Array.data[0].m_Arguments.m_IntArgument
      value: 5
      objectReference: {fileID: 0}
    - target: {fileID: 114000011541831320, guid: 6210f79b1803240b3866c2c42ea1b363,
        type: 2}
      propertyPath: m_OnClick.m_PersistentCalls.m_Calls.Array.data[0].m_Arguments.m_IntArgument
      value: 11
      objectReference: {fileID: 0}
    - target: {fileID: 114000013542421696, guid: 6210f79b1803240b3866c2c42ea1b363,
        type: 2}
      propertyPath: m_OnClick.m_PersistentCalls.m_Calls.Array.data[0].m_Arguments.m_IntArgument
      value: 10
      objectReference: {fileID: 0}
    - target: {fileID: 114000013924866822, guid: 6210f79b1803240b3866c2c42ea1b363,
        type: 2}
      propertyPath: m_OnClick.m_PersistentCalls.m_Calls.Array.data[0].m_Arguments.m_IntArgument
      value: 12
      objectReference: {fileID: 0}
    - target: {fileID: 114000013993262054, guid: 6210f79b1803240b3866c2c42ea1b363,
        type: 2}
      propertyPath: m_OnClick.m_PersistentCalls.m_Calls.Array.data[0].m_Arguments.m_IntArgument
      value: 8
      objectReference: {fileID: 0}
    - target: {fileID: 114000013031506580, guid: 6210f79b1803240b3866c2c42ea1b363,
        type: 2}
      propertyPath: m_OnClick.m_PersistentCalls.m_Calls.Array.data[0].m_Arguments.m_IntArgument
      value: 7
      objectReference: {fileID: 0}
    - target: {fileID: 114000011490228912, guid: 6210f79b1803240b3866c2c42ea1b363,
        type: 2}
      propertyPath: m_OnClick.m_PersistentCalls.m_Calls.Array.data[0].m_Arguments.m_IntArgument
      value: 9
      objectReference: {fileID: 0}
    - target: {fileID: 114000011686860154, guid: 6210f79b1803240b3866c2c42ea1b363,
        type: 2}
      propertyPath: m_OnClick.m_PersistentCalls.m_Calls.Array.data[0].m_Arguments.m_IntArgument
      value: 6
      objectReference: {fileID: 0}
    m_RemovedComponents: []
  m_ParentPrefab: {fileID: 100100000, guid: 6210f79b1803240b3866c2c42ea1b363, type: 2}
  m_IsPrefabParent: 0
